@article{kalman1960new,
	title={A new approach to linear filtering and prediction problems},
	author={Kalman, Rudolf E},
	journal={Journal of Basic Engineering},
	volume={82},
	number={1},
	pages={35--45},
	year={1960},
	publisher={American Society of Mechanical Engineers}
}

@book{maybeck1982stochastic,
	title={Stochastic models, estimation, and control},
	author={Maybeck, Peter S},
	volume={1},
	year={1982},
	publisher={Academic Press}
}

@book{jazwinski2007stochastic,
	title={Stochastic processes and filtering theory},
	author={Jazwinski, Andrew H},
	year={2007},
	publisher={Courier Corporation}
}

@book{barfoot2017state,
	title={State estimation for robotics},
	author={Barfoot, Timothy D},
	year={2017},
	publisher={Cambridge University Press}
}

@book{simon2006optimal,
	title={Optimal state estimation: Kalman, $H^\infty$, and nonlinear approaches},
	author={Simon, Dan},
	year={2006},
	publisher={John Wiley \& Sons}
}

@book{shumway2017time,
	title={Time series analysis and its applications: with R examples},
	author={Shumway, Robert H and Stoffer, David S},
	year={2017},
	publisher={Springer}
}

@book{sarkka2013bayesian,
	title={Bayesian filtering and smoothing},
	author={S{\"a}rkk{\"a}, Simo},
	year={2013},
	publisher={Cambridge University Press}
}
